<record><leader>00000cas a22000007a 4500</leader><controlfield tag="001">30330126</controlfield><controlfield tag="008">940426d19691972okudr ne      0    0eng d</controlfield><datafield ind1=" " ind2=" " tag="010"><subfield code="a">sn 94058800 </subfield></datafield><datafield ind1=" " ind2=" " tag="040"><subfield code="a">OBN</subfield><subfield code="b">eng</subfield><subfield code="c">OBN</subfield><subfield code="d">OCL</subfield><subfield code="d">OCLCQ</subfield></datafield><datafield ind1=" " ind2=" " tag="042"><subfield code="a">msc</subfield></datafield><datafield ind1="0" ind2=" " tag="130"><subfield code="a">McCurtain daily gazette (Idabel, Okla. : 1969)</subfield></datafield><datafield ind1="1" ind2="0" tag="245"><subfield code="a">McCurtain daily gazette.</subfield></datafield><datafield ind1=" " ind2=" " tag="260"><subfield code="a">Idabel, McCurtain County, Okla. :</subfield><subfield code="b">J. Stamper</subfield></datafield><datafield ind1=" " ind2=" " tag="300"><subfield code="a">v.</subfield></datafield><datafield ind1=" " ind2=" " tag="310"><subfield code="a">Daily (Monday through Friday)</subfield></datafield><datafield ind1=" " ind2=" " tag="321"><subfield code="a">Began June 2,</subfield><subfield code="b">1969</subfield></datafield><datafield ind1="0" ind2=" " tag="362"><subfield code="a">-v. 3, no. 261 (June 1, 1972).</subfield></datafield><datafield ind1=" " ind2=" " tag="580"><subfield code="a">Weekly edition: McCurtain weekly gazette.</subfield></datafield><datafield ind1=" " ind2=" " tag="588"><subfield code="a">Description based on: Vol. 1, no. 41 (July 28, 1969).</subfield></datafield><datafield ind1=" " ind2="4" tag="651"><subfield code="a">Idabel (Okla.)</subfield><subfield code="v">Newspapers.</subfield></datafield><datafield ind1=" " ind2="4" tag="651"><subfield code="a">McCurtain County (Okla.)</subfield><subfield code="v">Newspapers.</subfield></datafield><datafield ind1=" " ind2=" " tag="752"><subfield code="a">United States</subfield><subfield code="b">Oklahoma</subfield><subfield code="c">McCurtain</subfield><subfield code="d">Idabel.</subfield></datafield><datafield ind1="1" ind2=" " tag="775"><subfield code="a">McCurtain weekly gazette</subfield><subfield code="w">(DLC)sn 94058798</subfield><subfield code="w">(OCoLC)30330009</subfield></datafield><datafield ind1="0" ind2="1" tag="785"><subfield code="t">McCurtain gazette (Idabel, Okla. : 1972)</subfield><subfield code="w">(DLC)sn 94058799</subfield><subfield code="w">(OCoLC)30330275</subfield></datafield><datafield ind1="1" ind2=" " tag="029"><subfield code="a">AU@</subfield><subfield code="b">000010972783</subfield></datafield></record>